
@article{yang20143,
  title={3-D inversion of airborne electromagnetic data parallelized and accelerated by local mesh and adaptive soundings},
  author={Yang, Dikun and Oldenburg, Douglas W and Haber, Eldad},
  journal={Geophysical Journal International},
  volume={196},
  number={3},
  pages={1942--1507},
  year={2014},
  publisher={Oxford University Press}
}

@article{Mills1988,
abstract = {... Monterey County Time Domain Electromagnetic time Monterey County ... sounding ...},
author = {Mills, T and Hoekstra, P and Blohm, M and Evans, L},
journal = {Ground Water},
title = {{Time Domain Electromagnetic Soundings for Mapping Sea‚ÄêWater Intrusion in Monterey County, California}},
year = {1988}
}

@article{SimPEG,
author = {Cockett, R. and Kang, S. and Heagy L., Pidlisecky, A. and Oldenburg, D.},
journal = {Computers and Geoscience},
title = {{SimPEG: An open-source framework for simulation and parameter estimation in geophysical applications (submitted)}},
year = {2015}
}

@article{Chung2014,
author = {Chung, Yonghyun and Son, Jeong-Sul and Lee, Tae Jong and Kim, Hee Joon and Shin, Changsoo},
doi = {10.1111/1365-2478.12132},
issn = {1365-2478},
journal = {Geophysical Prospecting},
keywords = {3D,CSEM,Direct solver,FEM,Modelling},
number = {6},
pages = {1468--1483},
title = {{Three-dimensional modelling of controlled-source electromagnetic surveys using an edge finite-element method with a direct solver}},
url = {http://dx.doi.org/10.1111/1365-2478.12132},
volume = {62},
year = {2014}
}

@article{Doug2013,
author = {Oldenburg, Douglas W and Haber, Eldad and Shekhtman, Roman},
doi = {10.1190/geo2012-0131.1},
journal = {GEOPHYSICS},
number = {1},
pages = {E47--E57},
title = {{Three dimensional inversion of multisource time domain electromagnetic data}},
url = {http://dx.doi.org/10.1190/geo2012-0131.1},
volume = {78},
year = {2013}
}

@article{Gribenko2007,
author = {Gribenko, Alexander and Zhdanov, Michael},
journal = {Geophysics},
keywords = {geophysical techniques,hydrocarbon reservoirs,integral equations,offshore installations,seafloor phenomena,terrestrial electricity},
number = {2},
pages = {WA73--WA84},
publisher = {SEG},
title = {{Rigorous 3D inversion of marine CSEM data based on the integral equation method}},
url = {http://dx.doi.org/10.1190/1.2435712},
volume = {72},
year = {2007}
}

@inbook{MikeParam2014,
author = {McMillan, Michael S and Schwarzbach, Christoph and Oldenburg, Douglas W and Haber, Eldad and Holtham, Elliot and Prikhodko, Alexander},
booktitle = {SEG Technical Program Expanded Abstracts 2014},
chapter = {329},
doi = {10.1190/segam2014-0536.1},
pages = {1720--1724},
title = {{Recovering a thin dipping conductor with 3D electromagnetic inversion over the Caber deposit}},
url = {http://library.seg.org/doi/abs/10.1190/segam2014-0536.1},
year = {2014}
}

@online{SimPEGEM,
  author={SimPEG},
  title = {{SimPEG-EM} Online documentation},
  year = {2015},
  url = {http://simpegem.readthedocs.org/en/latest/index.html},
}


